@article{Topalova10,
	author = "Topalova, Petia",
	title = "Factor Immobility and Regional Impacts of Trade Liberalization: Evidence on Poverty from India",
	Journal = "American Economic Journal: Applied Economics",
	Volume = "2",
	Number = "4",
	Year = "2010",
	Month = "October",
	Pages = "1-41",
}

	@article{Hasan07,
	title = "Trade Liberalization, Labor-Market Institutions, and Poverty Reduction: Evidence from Indian States",
	author = "Hasan, Rana and Mitra, Devashish and Ural Marchand, Beyza",
	year = "2007",
	journal = "India Policy Forum",
	volume = "3",
	number = "1",
	pages = "71-122",
}

	@article{Currie1997,
	title = "Sharing the Costs: The Impact of Trade Reform on Capital and Labor in Morocco",
	author = "Currie, Janet and Harrison, Ann",
	year = "1997",
	journal = "Journal of Labor Economics",
	volume = "15",
	number = "3",
	pages = "S44-71",
}

	@article {NBERw12885,
 	title = "Distributional Effects of Globalization in Developing Countries",
 	author = "Goldberg, Pinelopi Koujianou and Pavcnik, Nina",
 	institution = "National Bureau of Economic Research",
 	type = "Working Paper",
 	series = "Working Paper Series",
 	number = "12885",
 	year = "2007",
 	month = "February",
}

@article{Stiglitz70,
title = "Factor Price Equalization in a Dynamic Economy",
author = "Stiglitz, Joseph",
year = "1970",
journal = "Journal of Political Economy",
volume = "78",
number = "3",
pages = "456-88",
}

@article{Guido06,
title = "Using survey data to assess the distributional effects of trade policy",
author = "Porto, Guido",
year = "2006",
journal = "Journal of International Economics",
volume = "70",
number = "1",
pages = "140-160",
}